@article{euler1736,
  author    = {Leonhard Euler},
  title     = {Solutio problematis ad geometriam situs pertinentis},
  journal   = {Commentarii academiae scientiarum Petropolitanae},
  volume    = {8},
  pages     = {128--140},
  year      = {1736}
}

@book{bondy1976,
  author    = {J. A. Bondy and U. S. R. Murty},
  title     = {Graph Theory with Applications},
  publisher = {Macmillan},
  year      = {1976}
}

@book{west2001,
  author    = {Douglas B. West},
  title     = {Introduction to Graph Theory},
  publisher = {Prentice Hall},
  year      = {2001},
  edition   = {2nd}
}


@book{ahuja1993,
  author    = {Ravindra K. Ahuja and Thomas L. Magnanti and James B. Orlin},
  title     = {Network Flows: Theory, Algorithms, and Applications},
  publisher = {Prentice Hall},
  year      = {1993}
}

@article{ford1956,
  author    = {Lester R. Ford Jr. and Delbert R. Fulkerson},
  title     = {Maximal Flow through a Network},
  journal   = {Canadian Journal of Mathematics},
  volume    = {8},
  number    = {3},
  pages     = {399--404},
  year      = {1956}
}

@book{cormen2009,
  author    = {Thomas H. Cormen and Charles E. Leiserson and Ronald L. Rivest and Clifford Stein},
  title     = {Introduction to Algorithms},
  publisher = {MIT Press},
  year      = {2009},
  edition   = {3rd}
}

@article{edmonds1972,
  author    = {Jack Edmonds and Richard M. Karp},
  title     = {Theoretical Improvements in Algorithmic Efficiency for Network Flow Problems},
  journal   = {Journal of the ACM},
  volume    = {19},
  number    = {2},
  pages     = {248--264},
  year      = {1972}
}

@article{goldberg1988,
  author    = {Andrew V. Goldberg and Robert E. Tarjan},
  title     = {A New Approach to the Maximum Flow Problem},
  journal   = {Journal of the ACM},
  volume    = {35},
  number    = {4},
  pages     = {921--940},
  year      = {1988}
}

@inproceedings{boykov2001,
  author    = {Yuri Boykov and Marie-Pierre Jolly},
  title     = {Interactive Graph Cuts for Optimal Boundary and Region Segmentation of Objects in N-D Images},
  booktitle = {Proceedings of the IEEE International Conference on Computer Vision (ICCV)},
  year      = {2001},
  pages     = {105--112}
}

@book{kleinberg2006,
  author    = {Jon Kleinberg and Éva Tardos},
  title     = {Algorithm Design},
  publisher = {Pearson},
  year      = {2006}
}

@inproceedings{chen2010,
  author    = {Jian Chen and Jitender Deogun and Tao Wu},
  title     = {Flow-based evacuation planning},
  booktitle = {Proceedings of the IEEE International Conference on Technologies for Homeland Security},
  year      = {2010},
  pages     = {345--350}
}

@book{ford1956,
  title={Maximal Flow Through a Network},
  author={Ford, L. R. Jr. and Fulkerson, D. R.},
  year={1956},
  publisher={Canadian Journal of Mathematics}
}

@article{edmonds1972,
  title={Theoretical Improvements in Algorithmic Efficiency for Network Flow Problems},
  author={Edmonds, Jack and Karp, Richard M.},
  journal={Journal of the ACM},
  year={1972},
  volume={19},
  number={2},
  pages={248--264}
}

@article{dinic1970,
  title={Algorithm for Solution of a Problem of Maximum Flow in a Network with Power Estimation},
  author={Dinic, Yefim A.},
  journal={Soviet Math. Dokl.},
  year={1970},
  volume={11},
  pages={1277--1280}
}

@article{goldberg1986efficient,
  title={Efficient Maximum Flow Algorithms},
  author={Goldberg, Andrew V. and Tarjan, Robert E.},
  journal={Journal of the ACM},
  year={1988},
  volume={35},
  number={2},
  pages={921--940}
}


@article{orlin2013,
  title={Max Flows in O(nm) Time, or Better},
  author={Orlin, James B.},
  journal={Proceedings of the 45th Annual ACM Symposium on Theory of Computing (STOC)},
  year={2013},
  pages={765--774}
}

@article{goldberg1998,
  title={Faster Algorithms for the Maximum Flow Problem},
  author={Goldberg, Andrew V. and Rao, Satish},
  journal={Journal of Algorithms},
  year={1998},
  volume={25},
  number={1},
  pages={1--29}
}

@article{boykov2004experimental,
  title={An Experimental Comparison of Min-Cut/Max-Flow Algorithms for Energy Minimization in Vision},
  author={Boykov, Yuri and Kolmogorov, Vladimir},
  journal={IEEE Transactions on Pattern Analysis and Machine Intelligence},
  year={2004},
  volume={26},
  number={9},
  pages={1124--1137}
}

@article{bulut2021optimization,
  title={Optimization of Electricity Transmission Networks Using Max Flow Algorithms},
  author={Bulut, Emre and Özcan, F.},
  journal={Energy Systems},
  year={2021},
  volume={12},
  pages={45--59}
}

@article{saidane2002traffic,
  title={Urban Traffic Optimization Using Max Flow Algorithms},
  author={Saidane, H. and others},
  journal={Transportation Research Part C},
  year={2002},
  volume={10},
  pages={237--256}
}

@article{gupta2016traffic,
  title={Traffic Flow Optimization in Urban Networks},
  author={Gupta, A. and Paruchuri, V.},
  journal={International Journal of Traffic and Transportation Engineering},
  year={2016},
  volume={5},
  pages={101--115}
}

@article{dolgopolov2019traffic,
  title={Modeling and Optimization of Urban Traffic Networks},
  author={Dolgopolov, V. and others},
  journal={Transport and Telecommunication Journal},
  year={2019},
  volume={20},
  pages={3--12}
}

@article{gong2022traffic,
  title={Recent Advances in Traffic Network Optimization Using Flow Algorithms},
  author={Gong, X.},
  journal={IEEE Access},
  year={2022},
  volume={10},
  pages={12345--12360}
}

@article{iemini1994dynamic,
  title={Dynamic Flow Modeling for Urban Traffic},
  author={Iemini, L.},
  journal={Transportation Science},
  year={1994},
  volume={28},
  pages={150--163}
}

@article{neto2015communication,
  title={Bandwidth Optimization in Communication Networks Using Max Flow},
  author={Neto, J. and Callou, G.},
  journal={Computer Networks},
  year={2015},
  volume={85},
  pages={120--134}
}

@article{zhang2005ad,
  title={Information Flow Maximization in Wireless Ad-hoc Networks},
  author={Zhang, Y. and Fan, W.},
  journal={Ad Hoc Networks},
  year={2005},
  volume={3},
  pages={321--333}
}

@article{tsiaka2008load,
  title={Load Balancing in Network Systems Using Max Flow Techniques},
  author={Tsiaka, D.},
  journal={IEEE Transactions on Parallel and Distributed Systems},
  year={2008},
  volume={19},
  pages={1452--1465}
}

@article{peijun2011routing,
  title={Dynamic Routing and Load Balancing Using Max Flow Algorithms},
  author={Peijun, L. and others},
  journal={International Journal of Computer Networks},
  year={2011},
  volume={3},
  pages={55--64}
}

@book{papadimitriou1998,
  title={Combinatorial Optimization},
  author={Papadimitriou, Christos H. and Steiglitz, Kenneth},
  edition={2nd},
  year={1998},
  publisher={Dover Publications}
}

@book{tarjan1983,
  title={Data Structures and Network Algorithms},
  author={Tarjan, Robert E.},
  year={1983},
  publisher={Society for Industrial and Applied Mathematics (SIAM)},
  address={Philadelphia, PA}
}

@article{hopcroft1973,
  title={An $n^{5/2}$ algorithm for maximum matchings in bipartite graphs},
  author={Hopcroft, John E and Karp, Richard M},
  journal={SIAM Journal on Computing},
  volume={2},
  number={4},
  pages={225--231},
  year={1973},
  publisher={SIAM}
}

@article{kolmogorov2004,
  title={What energy functions can be minimized via graph cuts?},
  author={Kolmogorov, Vladimir and Zabih, Ramin},
  journal={IEEE Transactions on Pattern Analysis and Machine Intelligence},
  volume={26},
  number={2},
  pages={147--159},
  year={2004},
  publisher={IEEE}
}

@book{rossum2009python,
  author    = {Van Rossum, Guido and Drake, Fred L.},
  title     = {Python 3 Reference Manual},
  year      = {2009},
  publisher = {CreateSpace},
  address   = {Scotts Valley, CA},
  isbn      = {1441412697}
}